@article{tp,
author = {Juan Ignacio Corbat},
title = {Trabajo práctico inteligencia artificial},
journaltitle = {Inteligencia Artificial},
year = {2021},
OPTlanguage = {spanish},
OPTurldate = {2022-06-05},
}


@online{covid-19-definición,
author = {World Health Organization},
title = {Coronavirus disease (COVID-19) - Technical guidance},
year = {2022},
url = {https://www.who.int/emergencies/diseases/novel-coronavirus-2019/technical-guidance/naming-the-coronavirus-disease-(covid-2019)-and-the-virus-that-causes-it},
OPTlanguage = {english},
OPTurldate = {2022-06-05},
}

@online{covid-19-overview,
author = {World Health Organization},
title = {Coronavirus disease (COVID-19) - Overview, prevention and symptoms},
year = {2022},
url = {https://www.who.int/health-topics/coronavirus},
OPTlanguage = {english},
OPTurldate = {2022-06-05},
}

@online{h1n1-overview,
author = {World Health Organization},
title = {Influenza A (H1N1) - Overview},
year = {2022},
url = {https://www.who.int/emergencies/situations/influenza-a-(h1n1)-outbreak},
OPTlanguage = {english},
OPTurldate = {2022-06-05},
}

@online{hopkins-map,
author = {Johns Hopkins University and Medicine},
title = {COVID-19 Dashboard},
year = {2022},
url = {https://coronavirus.jhu.edu/map.html},
OPTlanguage = {english},
OPTurldate = {2022-06-05},
}

@online{inteligencia-artificial-en-salud,
author = {Ministerio de Educación, Cultura, Ciencia y Tecnología de la Nación Argentina},
title = {Informe de tendencia en ciencia y tecnología},
year = {2019},
url = {https://www.argentina.gob.ar/sites/default/files/informe_vigilancia_e_inteligencia_estrategica_vf.pdf},
OPTlanguage = {spanish},
OPTurldate = {2022-06-05},
}

@online{habeas-data,
author = {Ministerio de Justicia y Derechos Humanos de la Nación Argentina},
title = {Datos personales},
year = {2022},
url = {https://www.argentina.gob.ar/justicia/derechofacil/leysimple/datos-personales},
OPTlanguage = {spanish},
OPTurldate = {2022-06-05},
}

@online{dataset,
author = {Secretaría de Innovación y Transformación Digital del Gobierno de la Ciudad de Buenos Aires},
title = {Archivo tos COVID-19},
year = {2022},
url = {https://data.buenosaires.gob.ar/dataset/tos-covid-19},
OPTlanguage = {spanish},
OPTurldate = {2022-05-18},
}

@online{espectrograma,
title = {Espectrograma},
url = {https://www.wikiwand.com/es/Espectrograma},
OPTlanguage = {spanish},
OPTurldate = {2022-05-18},
}

@online{librosa,
title = {Librosa Python Package},
url = {https://librosa.org/},
OPTlanguage = {english},
OPTurldate = {2022-05-18},
}

@online{fourier,
title = {Fourier Transform},
url = {https://www.wikiwand.com/en/Fourier_transform},
OPTlanguage = {english},
OPTurldate = {2022-05-18},
}

@online{ffmpeg,
title = {FFmpeg Multimedia Framework},
url = {https://www.ffmpeg.org/},
OPTlanguage = {english},
OPTurldate = {2022-05-18},
}

@online{react,
title = {React Native},
url = {https://reactnative.dev/},
OPTlanguage = {english},
OPTurldate = {2022-05-18},
}

@online{java,
title = {Oracle Java},
url = {https://www.oracle.com/java/},
OPTlanguage = {english},
OPTurldate = {2022-05-18},
}

